@Article{Zheng2018,
  author  = {Zheng, Alice; Casari Amanda},
  journal = {O'Reilly},
  title   = {Feature Engineering for Machine Learning},
  year    = {2018},
  comment = {The source explains what is feature engineering. It also explains the different techniques available to represent raw image or text data, in numerical form. 
Along with explanations, practical examples and codes are available on github. Familiar python packages like numpy, Pandas and scikit-learn are used.},
}

@Comment{jabref-meta: databaseType:bibtex;}
