@inproceedings{Tsoukas-et-al:2022,
editor = {Singh, Mayank and Tyagi, Vipin and Gupta, P. K. and Flusser, Jan and Ören, Tuncer},
title = {Elements of TinyML on Constrained Resource Hardware},
date = {2022},
publisher = {Springer International Publishing},
isbn = {978-3-031-12641-3},
pages = {316--331},
doi = {10.1007/978-3-031-12641-3_26},
address = {Cham, Switzerland},
author = {Tsoukas, Vasileios and Gkogkidis, Anargyros and Kakarountas, Athanasios},
booktitle = {Advances in Computing and Data Sciences},
keywords = {IoT, TinyML, Neural networks, Deep Learning Algotithms, Arduino Nano 33 BLE Sense, Optimization Techniques}
}