@book{Rogel-Salazar:2017, 
	title={Data Science and analytics with Python}, 
	publisher={CRC Press}, 
	author={Rogel-Salazar Jesus}, 
	year={2017},
	keywords={Data Science, Python, Numpy, Basics, First Steps},
	isbn={1498742092}}

@book{Rogel-Salazar:2020,
	title={Advanced Data Science and Analytics with Python},
	publisher={CRC Press},
	author={Rogel-Salazar Jesus},
	year=2020,
	keywords={Data Science, Python, Numpy, Pandas, Neural Network, Deep Learning},
	isbn={9781138315068}}