% !TeX document-id = {9ccc6fb7-c5f4-4308-9c17-4c226ad62230}
%%%%%%
%
% $Autor: Wings $
% $Datum: 2020-01-18 11:15:45Z $
% $Pfad: WuSt/Skript/Produktspezifikation/powerpoint/ImageProcessing.tex $
% $Version: 4620 $
%
%
% !TeX encoding = utf8
% !TeX root = Rename
% !TeX TXS-program:bibliography = txs:///biber
%
%%%%%%


\documentclass[12pt,a4paper]{scrbook}

% Auswahl der Sprache
% Die nicht gew√ºnschte Sprache muss auskommentiert werden:
%\def\isGerman{1}
\def\isEnglish{1}


\include{General/Packages}
\include{General/commands}
\include{General/tikzdefs}

\input{General/acronyms}
\input{General/Hyphenations}%

\addbibresource{../Documents/literature.bib}
\addbibresource{../Documents/MyLiterature.bib}

\begin{document}
 

\InputLanguage{Chapters/}{Titlepage} 
\newpage

\pagenumbering{roman}

\tableofcontents
\cleardoublepage


\listoffigures
\cleardoublepage


\listoftables
\cleardoublepage
 

\InputLanguage{Chapters/}{Symbols}

\printnomenclature
\cleardoublepage


\addcontentsline{toc}{chapter}{Acronyms}
\printacronyms
\cleardoublepage
 
\pagenumbering{arabic}

\InputLanguage{Chapters/}{Hints}


\InputLanguage{Chapters/}{Introduction}

\newpage
\InputLanguage{Chapters/}{Bezier}

\newpage
\InputLanguage{Chapters/}{ArcStrategy}

\newpage
\InputLanguage{Chapters/}{MapleFiles}

\newpage
\InputLanguage{Chapters/}{FirstChapter}

\cleardoublepage
\appendix
\InputLanguage{Chapters/}{AppendixTikz}

\cleardoublepage
\InputLanguage{Chapters/}{Appendix}

\cleardoublepage
\addcontentsline{toc}{chapter}{\TRANS{Literaturverzeichnis}{Bibliography}}
\printbibliography


\cleardoublepage

%\renewcommand{\indexname}{\TRANS{Stichwortverzeichnis}{Index}}
%\addcontentsline{toc}{chapter}{\TRANS{Stichwortverzeichnis}{Index}}
\printindex
\end{document}